<collection xmlns="http://www.loc.gov/MARC21/slim"><record><leader>00709nam  2200217   450</leader><controlfield tag="001">656</controlfield><controlfield tag="003">http://montalegre.opacnet.com/OPAC/default.aspx?ContentAreaControl=ShowRegHoldings.ascx&amp;RegNo=16662</controlfield><datafield tag="100" ind1=" " ind2=" "><subfield code="a">20061013d1990    a  y0pory0103    ba</subfield></datafield><datafield tag="101" ind1="0" ind2=" "><subfield code="a">por</subfield></datafield><datafield tag="102" ind1=" " ind2=" "><subfield code="a">PT</subfield></datafield><datafield tag="200" ind1="1" ind2=" "><subfield code="a">Histórias do arco íris</subfield><subfield code="f">José Jorge Letria</subfield></datafield><datafield tag="210" ind1=" " ind2=" "><subfield code="a">[S.l.]</subfield><subfield code="c">Horizonte</subfield><subfield code="d">1983</subfield></datafield><datafield tag="215" ind1=" " ind2=" "><subfield code="a">30,[1] p.</subfield><subfield code="c">il.</subfield><subfield code="d">23 cm</subfield></datafield><datafield tag="225" ind1="0" ind2=" "><subfield code="a">Pássaro livre</subfield><subfield code="v">40</subfield></datafield><datafield tag="327" ind1="1" ind2=" "><subfield code="a">Livro premiado pela Associação Portuguesa de Escritores em 1981</subfield></datafield><datafield tag="606" ind1=" " ind2=" "><subfield code="a">Literatura juvenil</subfield></datafield><datafield tag="608" ind1=" " ind2=" "><subfield code="a">Conto</subfield></datafield><datafield tag="675" ind1=" " ind2=" "><subfield code="a">82-34</subfield></datafield><datafield tag="700" ind1=" " ind2="1"><subfield code="a">Letria</subfield><subfield code="b">José Jorge</subfield><subfield code="f">1951-</subfield></datafield><datafield tag="801" ind1=" " ind2="0"><subfield code="a">PT</subfield><subfield code="b">Biblioteca Municipal de Montalegre</subfield><subfield code="g">RPC</subfield></datafield><datafield tag="856" ind1=" " ind2=" "><subfield code="u">locateMedia.asp?cod=20060523101155&amp;ext=jpg</subfield><subfield code="z">CAPA</subfield></datafield><datafield tag="909" ind1="&#9;" ind2=" "><subfield code="a">1</subfield></datafield><datafield tag="966" ind1=" " ind2=" "><subfield code="a">0001660</subfield><subfield code="l">BMM</subfield><subfield code="s">SI 82-34 LET his 40</subfield></datafield></record></collection>